@article{DBLP:journals/corr/BalcanNVW16,
  author    = {Maria{-}Florina Balcan and
               Vaishnavh Nagarajan and
               Ellen Vitercik and
               Colin White},
  title     = {Learning-Theoretic Foundations of Algorithm Configuration for Combinatorial Partitioning Problems},
  journal   = {CoRR},
  volume    = {abs/1611.04535},
  year      = {2016},
  url       = {http://arxiv.org/abs/1611.04535},
  archivePrefix = {arXiv},
  eprint    = {1611.04535},
  timestamp = {Mon, 13 Aug 2018 16:48:00 +0200},
  biburl    = {https://dblp.org/rec/bib/journals/corr/BalcanNVW16},
  bibsource = {dblp computer science bibliography, https://dblp.org}
}

@article{DBLP:journals/corr/abs-1711-03091,
  author    = {Maria{-}Florina Balcan and
               Travis Dick and
               Ellen Vitercik},
  title     = {Dispersion for Data-Driven Algorithm Design, Online Learning, and Private Optimization},
  journal   = {CoRR},
  volume    = {abs/1711.03091},
  year      = {2017},
  url       = {http://arxiv.org/abs/1711.03091},
  archivePrefix = {arXiv},
  eprint    = {1711.03091},
  timestamp = {Mon, 13 Aug 2018 16:47:33 +0200},
  biburl    = {https://dblp.org/rec/bib/journals/corr/abs-1711-03091},
  bibsource = {dblp computer science bibliography, https://dblp.org}
}

@article{Mitchell:2018:NL:3210350.3191513,
 author = {Mitchell, T. and Cohen, W. and Hruschka, E. and Talukdar, P. and Yang, B. and Betteridge, J. and Carlson, A. and Dalvi, B. and Gardner, M. and Kisiel, B. and Krishnamurthy, J. and Lao, N. and Mazaitis, K. and Mohamed, T. and Nakashole, N. and Platanios, E. and Ritter, A. and Samadi, M. and Settles, B. and Wang, R. and Wijaya, D. and Gupta, A. and Chen, X. and Saparov, A. and Greaves, M. and Welling, J.},
 title = {Never-ending Learning},
 journal = {Commun. ACM},
 issue_date = {May 2018},
 volume = {61},
 number = {5},
 month = apr,
 year = {2018},
 issn = {0001-0782},
 pages = {103--115},
 numpages = {13},
 url = {http://doi.acm.org/10.1145/3191513},
 doi = {10.1145/3191513},
 acmid = {3191513},
 publisher = {ACM},
 address = {New York, NY, USA},
} 

@inproceedings{Mitchell:2015:NL:2886521.2886641,
 author = {Mitchell, T. and Cohen, W. and Hruschka, E. and Talukdar, P. and Betteridge, J. and Carlson, A. and Dalvi, B. and Gardner, M. and Kisiel, B. and Krishnamurthy, J. and Lao, N. and Mazaitis, K. and Mohamed, T. and Nakashole, N. and Platanios, E. and Ritter, A. and Samadi, M. and Settles, B. and Wang, R. and Wijaya, D. and Gupta, A. and Chen, X. and Saparov, A. and Greaves, M. and Welling, J.},
 title = {Never-ending Learning},
 booktitle = {Proceedings of the Twenty-Ninth AAAI Conference on Artificial Intelligence},
 series = {AAAI'15},
 year = {2015},
 isbn = {0-262-51129-0},
 location = {Austin, Texas},
 pages = {2302--2310},
 numpages = {9},
 url = {http://dl.acm.org/citation.cfm?id=2886521.2886641},
 acmid = {2886641},
 publisher = {AAAI Press},
} 

@article{lecun-mnisthandwrittendigit-2010,
  added-at = {2010-06-28T21:16:30.000+0200},
  author = {LeCun, Yann and Cortes, Corinna},
  biburl = {https://www.bibsonomy.org/bibtex/2935bad99fa1f65e03c25b315aa3c1032/mhwombat},
  groups = {public},
  howpublished = {http://yann.lecun.com/exdb/mnist/},
  interhash = {21b9d0558bd66279df9452562df6e6f3},
  intrahash = {935bad99fa1f65e03c25b315aa3c1032},
  keywords = {MSc _checked character_recognition mnist network neural},
  lastchecked = {2016-01-14 14:24:11},
  timestamp = {2016-07-12T19:25:30.000+0200},
  title = {{MNIST} handwritten digit database},
  url = {http://yann.lecun.com/exdb/mnist/},
  username = {mhwombat},
  year = 2010
}

@inproceedings{Krizhevsky2009LearningML,
  title={Learning Multiple Layers of Features from Tiny Images},
  author={Alex Krizhevsky},
  year={2009}
}

@article{kuhn1955hungarian,
  title={The Hungarian method for the assignment problem},
  author={Kuhn, Harold W},
  journal={Naval research logistics quarterly},
  volume={2},
  number={1-2},
  pages={83--97},
  year={1955},
  publisher={Wiley Online Library}
}

@article{munkres1957algorithms,
  title={Algorithms for the assignment and transportation problems},
  author={Munkres, James},
  journal={Journal of the society for industrial and applied mathematics},
  volume={5},
  number={1},
  pages={32--38},
  year={1957},
  publisher={SIAM}
}