@ARTICLE{Dillmann2008,
  author = {R. Dillmann and T. Asfour},
  title = {Collaborative Research Center on Humanoid Robots (SFB 588)},
  journal = {KI - Zeitschrift K\"unstliche Intelligenz},
  year = {2008},
  volume = {4},
  pages = {26--28},
}
